@misc{Tang-and-Ha-2021,
      title={The Sensory Neuron as a Transformer: Permutation-Invariant Neural Networks for Reinforcement Learning}, 
      author={Yujin Tang and David Ha},
      year={2021},
      eprint={2109.02869},
      archivePrefix={arXiv},
      primaryClass={cs.NE},
      url={https://arxiv.org/abs/2109.02869}, 
}
@misc{Lee-et-al-2019,
      title={Set Transformer: A Framework for Attention-based Permutation-Invariant Neural Networks}, 
      author={Juho Lee and Yoonho Lee and Jungtaek Kim and Adam R. Kosiorek and Seungjin Choi and Yee Whye Teh},
      year={2019},
      eprint={1810.00825},
      archivePrefix={arXiv},
      primaryClass={cs.LG},
      url={https://arxiv.org/abs/1810.00825}, 
}
@misc{Freeman-et-al-2019,
      title={Learning to Predict Without Looking Ahead: World Models Without Forward Prediction}, 
      author={C. Daniel Freeman and Luke Metz and David Ha},
      year={2019},
      eprint={1910.13038},
      archivePrefix={arXiv},
      primaryClass={cs.NE},
      url={https://arxiv.org/abs/1910.13038}, 
}
@misc{Towers-et-al-2024,
      title={Gymnasium: A Standard Interface for Reinforcement Learning Environments}, 
      author={Mark Towers and Ariel Kwiatkowski and Jordan Terry and John U. Balis and Gianluca De Cola and Tristan Deleu and Manuel Goulão and Andreas Kallinteris and Markus Krimmel and Arjun KG and Rodrigo Perez-Vicente and Andrea Pierré and Sander Schulhoff and Jun Jet Tai and Hannah Tan and Omar G. Younis},
      year={2024},
      eprint={2407.17032},
      archivePrefix={arXiv},
      primaryClass={cs.LG},
      url={https://arxiv.org/abs/2407.17032}, 
}

@book{Sutton-and-Barto-1998,
  added-at = {2019-07-13T10:11:53.000+0200},
  author = {Sutton, Richard S. and Barto, Andrew G.},
  biburl = {https://www.bibsonomy.org/bibtex/2f46601cf8b13d39d1378af0d79438b12/lanteunis},
  edition = {Second},
  interhash = {ac6b144aaec1819919a2fba9f705c852},
  intrahash = {f46601cf8b13d39d1378af0d79438b12},
  keywords = {},
  publisher = {The MIT Press},
  timestamp = {2019-07-13T10:11:53.000+0200},
  title = {Reinforcement Learning: An Introduction},
  url = {http://incompleteideas.net/book/the-book-2nd.html},
  year = {2018}
}

@misc{ppo-cpsw-2022,
      title = {Proximal Policy Optimization},
      author = {Adithya Ramesh},
      year = {2022},
      url = {https://github.com/adi3e08/PPO}

}